@book{mittelbach2004latex,
  title={The \LaTeX\ companion},
  author={Mittelbach, F. and Goossens, M. and Braams, J. and Carlisle, D. and Rowley, C. and Detig, C. and Schrod, J. and Downes, M.},
  volume={2},
  year={2004},
  publisher={Addison-Wesley}
}

@book{oetiker2010not,
  title={The Not So Short Introduction to \LaTeXe},
  author={Oetiker, T. and Partl, H. and Hyna, I. and Schlegl, E.},
  year={2010},
  publisher={Citeseer}
}