@article{toet2013aerodynamics,
  title={Aerodynamics and aerodynamic research in Formula 1},
  author={Toet, Willem},
  journal={The Aeronautical Journal},
  volume={117},
  number={1187},
  pages={1--26},
  year={2013},
  publisher={Cambridge University Press}
}

@book{houghton2003aerodynamics,
	title={Aerodynamics for engineering students},
	author={Houghton, Edward Lewis and Carpenter, Peter William},
	year={2003},
	publisher={Elsevier}
}


@article{zhang2006ground,
	title={Ground effect aerodynamics of race cars},
	author={Zhang, Xin and Toet, Willem and Zerihan, Jonathan},
	year={2006}
}

@article{zhang2004vortices,
	title={Vortices behind a bluff body with an upswept aft section in ground effect},
	author={Zhang, Xin and Senior, A and Ruhrmann, Andreas},
	journal={International Journal of Heat and Fluid Flow},
	volume={25},
	number={1},
	pages={1--9},
	year={2004},
	publisher={Elsevier}
}

@misc{ felföldi_2020, 
	title={What Is the Venturi Effect? Explanation with CFD: SimScale Blog}, url={https://www.simscale.com/blog/2018/04/what-is-venturi-effect/}, 
	journal={SimScale}, 
	author={ Felföldi, Attila}, 
	year={2020}, 
	month={Oct}
} 

 @misc{taylor_2018, 
 	url={https://chainbear.me/}, 
 	journal={Chain Bear}, 
 	author={Taylor, Stuart F}, 
 	year={2018}} 