@article{clayton2011models,
  title={Models of cardiac tissue electrophysiology: progress, challenges and open questions},
  author={Clayton, RH and Bernus, Olivier and Cherry, EM and Dierckx, Hans and Fenton, Flavio H and Mirabella, Lucia and Panfilov, Alexander V and Sachse, Frank B and Seemann, Gunnar and Zhang, H},
  journal={Progress in biophysics and molecular biology},
  volume={104},
  number={1-3},
  pages={22--48},
  year={2011},
  publisher={Elsevier}
}

@book{dekimpe2006almost,
	title={Almost-Bieberbach groups: affine and polynomial structures},
	author={Dekimpe, Karel},
	year={2006},
	publisher={Springer}
}

@article{zhong2018instantaneous,
	title={Instantaneous, simple, and reversible revealing of invisible patterns encrypted in robust hollow sphere colloidal photonic crystals},
	author={Zhong, Kuo and Li, Jiaqi and Liu, Liwang and Van Cleuvenbergen, Stijn and Song, Kai and Clays, Koen},
	journal={Advanced Materials},
	volume={30},
	number={25},
	pages={1707246},
	year={2018},
	publisher={Wiley Online Library}
}

 @misc{ felföldi_2020, 
 	title={What Is the Venturi Effect? Explanation with CFD: SimScale Blog}, url={https://www.simscale.com/blog/2018/04/what-is-venturi-effect/}, 
 	journal={SimScale}, 
 	author={ Felföldi, Attila}, 
 	year={2020}, 
 	month={Oct}
 } 